% A sample journal article
@article{Larson2016,
    author = {David P. Larson and Lukas Nonnenmacher and Carlos F.~M. Coimbra},
    title = {},
    year = {2016},
    journal = {{Renewable Energy}},
    volume = {},
    pages = {},
}
